@online{charts1,
    author        = {365 Data Science},
    title         = {Choosing the right chart: Selecting among 14 chart types},
    year          = {2018},
    url           = {https://365datascience.com/chart-types-and-how-to-select-the-right-one/},
    keywords = "capitolo6Lorenzo"
}
