@ARTICLE{8024092,  author={Di Pierro, Massimo},  journal={Computing in Science and Engineering},   title={What Is the Blockchain?},   year={2017},  volume={19},  number={5},  pages={92-95},  doi={10.1109/MCSE.2017.3421554}}

@online{algorand,
    author        = {Algorand},
    title         = {},
    year          = {},
    url           = {https://www.algorand.com/},
    keywords = "capitolo1Lorenzo"
}

@online{dockerinstall,
    author        = {Docker},
    title         = {Install Docker Compose},
    year =   {Consultato il 10 luglio 2022},
    url           = {https://docs.docker.com/compose/install/}
}

@online{dockerbuilder,
    author        = {Docker},
    title         = {Dockerfile reference},
    year =   {Consultato il 10 luglio 2022},
    url           = {https://docs.docker.com/engine/reference/builder/}
}

@INPROCEEDINGS{814584,  author={Micali, S. and Rabin, M. and Vadhan, S.},  booktitle={40th Annual Symposium on Foundations of Computer Science (Cat. No.99CB37039)},   title={Verifiable random functions},   year={1999},  volume={},  number={},  pages={120-130},  doi={10.1109/SFFCS.1999.814584}}

@article{nakamoto2008bitcoin,
  title={Bitcoin: A peer-to-peer electronic cash system},
  author={Nakamoto, Satoshi},
  journal={Decentralized Business Review},
  pages={21260},
  year={2008}
}

@INPROCEEDINGS{8632190,  author={Chaudhry, Natalia and Yousaf, Muhammad Murtaza},  booktitle={2018 12th International Conference on Open Source Systems and Technologies (ICOSST)},   title={Consensus Algorithms in Blockchain: Comparative Analysis, Challenges and Opportunities},   year={2018},  volume={},  number={},  pages={54-63},  doi={10.1109/ICOSST.2018.8632190}}

@article{nguyen2019proof,
  title={Proof-of-stake consensus mechanisms for future blockchain networks: fundamentals, applications and opportunities},
  author={Nguyen, Cong T and Hoang, Dinh Thai and Nguyen, Diep N and Niyato, Dusit and Nguyen, Huynh Tuong and Dutkiewicz, Eryk},
  journal={IEEE Access},
  volume={7},
  pages={85727--85745},
  year={2019},
  publisher={IEEE}
}

@online{pos,
    author        = {Giulia Spinoglio},
    title         = {Proof of Stake, cos’è, perché sta soppiantando il Proof of Work},
    year          = {Pubblicato il 08 aprile 2021},
    url           = {https://www.blockchain4innovation.it/esperti/proof-of-stake-cose-perche-sta-soppiantando-il-proof-of-work/},
    keywords = "capitolo1Lorenzo"
}

@online{blockchain,
    author        = {Wikipedia},
    title         = {Blockchain},
    year          = {Consultato il 07 giugno 2022},
    url           = {https://it.wikipedia.org/wiki/Blockchain},
    keywords = "capitolo1Lorenzo"
}

@online{algorand2,
    author        = {Algorand},
    title         = {La blockchain permissionless di Algorand},
    year          = {Consultato il 07 giugno 2022},
    url           = {https://algorand.foundation/it/protocollo-algorand/informazioni-protocollo-algorand/blockchain-permissionless},
    keywords = "capitolo1Lorenzo"
}

@online{spoofing,
    author        = {ESA},
    title         = {How\_Galileo\_performed\_first-ever\_authenticated\_positioning\_fix},
    year          = {Pubblicato il 10 marzo 2021},
    url           = {https://www.esa.int/Applications/Navigation/How_Galileo_performed_first-ever_authenticated_positioning_fix},
    keywords = "capitolo1Lorenzo"
}

@inproceedings{de2001galileo,
  title={Galileo signal validation development},
  author={De Gaudenzi, R and Hoult, N and Batchelor, A and Burden, G and Quinlan, M},
  booktitle={Seventh International Workshop on Digital Signal Processing Techniques for Space Communications},
  year={2001},
  organization={Citeseer}
}

@online{algorand_ambiente,
    author        = {Cosimo Bassi},
    title         = {sustainable-blockchain-calculating-the-carbon-footprint},
    year          = {Pubblicato il 16 aprile 2021},
    url           = {https://www.algorand.com/resources/blog/sustainable-blockchain-calculating-the-carbon-footprint},
    keywords = "capitolo1Lorenzo"
}

@online{algorand_indexer,
    author        = {Algorand},
    title         = {Indexer},
    yeart = {Consultato il 15 luglio 2022},
    url           = {https://developer.algorand.org/docs/get-details/indexer/},
    keywords = "capitolo1Lorenzo"
}

@online{algorand_network,
    author        = {Algorand},
    title         = {Algorand Network},
    year = {Consultato il 15 luglio 2022},
    url           = {https://developer.algorand.org/docs/archive/build-apps/setup/#choosing-a-network},
    keywords = "capitolo1Lorenzo"
}

@online{docker,
    author        = {Wikipedia},
    title         = {Docker},
    year = {Consultato il 20 luglio 2022},
    url           = {https://it.wikipedia.org/wiki/Docker},
    keywords = "capitolo6Lorenzo"
}

@online{docker1,
    author        = {Emanuel},
    title         = {Nel favoloso mondo di Docker},
    year          = {Pubblicato il 28 Dicembre 2016},
    url           = {https://www.consulenzaweb.net/2016/12/nel-favoloso-mondo-di-docker/},
    keywords = "capitolo6Lorenzo"
}

@online{docker_persistenza,
    author        = {Fabio Ros},
    title         = {Introduzione su Volumi e Bind Mount},
    year = {Consultato il 20 luglio 2022},
    url           = {https://dockertutorial.it/introduzione-su-volumi-e-bind-mount/},
    keywords = "capitolo6Lorenzo"
}

@online{dockerfile,
    author        = {Mariano Calandra},
    title         = {Dockerfile},
    year          = {Pubblicato il 20 Giugno 2017},
    url           = {https://www.html.it/pag/65972/dockerfile/},
    keywords = "capitolo6Lorenzo"
}

@online{docker-compose,
    author        = {Andrea Ligios},
    title         = {Introduction to Docker Compose},
    year          = {Consultato il 05 luglio 2022},
    url           = {https://www.baeldung.com/ops/docker-compose},
    keywords = "capitolo6Lorenzo"
}

@online{ipfs,
    author        = {IPFS},
    title         = {IPFS powers the Distributed Web},
    url           = {https://ipfs.io/#why},
    keywords = "capitolo8Lorenzo"
}

@online{ipfs_homepage,
    author        = {IPFS},
    title         = {IPFS},
    url           = {https://ipfs.tech/},
    keywords = "capitolo8Lorenzo"
}

@online{algoexplorer,
    author        = {Algorand},
    title         = {AlgoExplorer},
    url           = {https://algoexplorer.io/},
    keywords = "capitolo8Lorenzo"
}

@online{asa,
    author        = {Algorand},
    title         = {Algorand Standard Assets (ASA)},
    yeart = {Consultato il 17 giugno 2022},
    url           = {https://developer.algorand.org/docs/get-details/asa/},
    keywords = "capitolo8Lorenzo"
}

@online{algorand_networks,
    author        = {Algorand},
    title         = {Algorand networks},
    yeart = {Consultato il 12 agosto 2022},
    url           = {https://developer.algorand.org/docs/get-details/algorand-networks/},
    keywords = "capitolo8Lorenzo"
}

@online{containerization,
    author        = {RedHat},
    title         = {Cos'è la containerizzazione?},
    year = {Consultato il 05 giugno 2022},
    url           = {https://www.redhat.com/it/topics/cloud-native-apps/what-is-containerization},
    keywords = "capitolo8Lorenzo"
}

@online{algoexplorer_testnet,
    author        = {Algorand},
    title         = {AlgoExplorer TestNet},
    url           = {https://testnet.algoexplorer.io/},
    keywords = "capitolo8Lorenzo"
}

@online{algoranddispenser,
    author        = {Algorand},
    title         = {Algorand Dispenser},
    url           = {https://testnet.algoexplorer.io/dispenser},
    keywords = "capitolo8Lorenzo"
}

@online{guidelines,
    author        = {Algorand},
    title         = {Guidelines},
    url           = {https://developer.algorand.org/docs/get-details/dapps/avm/teal/guidelines},
    keywords = "capitolo8Lorenzo"
}

@inproceedings{gilbert2003security,
  title={Security analysis of SHA-256 and sisters},
  author={Gilbert, Henri and Handschuh, Helena},
  booktitle={International workshop on selected areas in cryptography},
  pages={175--193},
  year={2003},
  organization={Springer}
}

@inproceedings{algorand-bizantine,
author = {Gilad, Yossi and Hemo, Rotem and Micali, Silvio and Vlachos, Georgios and Zeldovich, Nickolai},
title = {Algorand: Scaling Byzantine Agreements for Cryptocurrencies},
year = {2017},
isbn = {9781450350853},
publisher = {Association for Computing Machinery},
address = {New York, NY, USA},
url = {https://doi.org/10.1145/3132747.3132757},
doi = {10.1145/3132747.3132757},
abstract = {Algorand is a new cryptocurrency that confirms transactions with latency on the order of a minute while scaling to many users. Algorand ensures that users never have divergent views of confirmed transactions, even if some of the users are malicious and the network is temporarily partitioned. In contrast, existing cryptocurrencies allow for temporary forks and therefore require a long time, on the order of an hour, to confirm transactions with high confidence.Algorand uses a new Byzantine Agreement (BA) protocol to reach consensus among users on the next set of transactions. To scale the consensus to many users, Algorand uses a novel mechanism based on Verifiable Random Functions that allows users to privately check whether they are selected to participate in the BA to agree on the next set of transactions, and to include a proof of their selection in their network messages. In Algorand's BA protocol, users do not keep any private state except for their private keys, which allows Algorand to replace participants immediately after they send a message. This mitigates targeted attacks on chosen participants after their identity is revealed.We implement Algorand and evaluate its performance on 1,000 EC2 virtual machines, simulating up to 500,000 users. Experimental results show that Algorand confirms transactions in under a minute, achieves 125x Bitcoin's throughput, and incurs almost no penalty for scaling to more users.},
booktitle = {Proceedings of the 26th Symposium on Operating Systems Principles},
pages = {51–68},
numpages = {18},
location = {Shanghai, China},
series = {SOSP '17}
}






